@misc{GG4.3,
    title={{ECE 385 DIGITAL SYSTEMS LABORATORY LABORATORY MANUAL Version 20.0}},
    author={Janak Patel and Rakesh Kumar and Deming Chen and Zuofu Cheng},
    year={2020},
    note={GG. 4.3}
}

@misc{GG4.4,
    title={{ECE 385 DIGITAL SYSTEMS LABORATORY LABORATORY MANUAL Version 20.0}},
    author={Janak Patel and Rakesh Kumar and Deming Chen and Zuofu Cheng},
    year={2020},
    note={GG. 4.4}
}

@misc{GG4.6,
    title={{ECE 385 DIGITAL SYSTEMS LABORATORY LABORATORY MANUAL Version 20.0}},
    author={Janak Patel and Rakesh Kumar and Deming Chen and Zuofu Cheng},
    year={2020},
    note={GG. 4.6}
}
