@misc{GG,
    title={{ECE 385 DIGITAL SYSTEMS LABORATORY LABORATORY MANUAL Version 20.0}},
    author={Janak Patel and Rakesh Kumar and Deming Chen and Zuofu Cheng},
    year={2020},
    note={GG.22}
}
@misc{PPT,
    title={{ECE 385 â€“ Digital Systems Laboratory Slides}},
    author={Chushan Li},
    year={2020}
}